<record><leader>00000cas a22000007a 4500</leader><controlfield tag="001">19216695</controlfield><controlfield tag="008">890215d19081918pauwr ne      0    0eng d</controlfield><datafield ind1=" " ind2=" " tag="010"><subfield code="a">sn 89077489 </subfield></datafield><datafield ind1=" " ind2=" " tag="040"><subfield code="a">NPH</subfield><subfield code="b">eng</subfield><subfield code="c">NPH</subfield><subfield code="d">OCLCQ</subfield></datafield><datafield ind1=" " ind2=" " tag="042"><subfield code="a">msc</subfield></datafield><datafield ind1="0" ind2=" " tag="130"><subfield code="a">Weekly herald (Waynesboro, Pa.)</subfield></datafield><datafield ind1="1" ind2="4" tag="245"><subfield code="a">The weekly herald.</subfield></datafield><datafield ind1="1" ind2="3" tag="246"><subfield code="a">Herald</subfield></datafield><datafield ind1=" " ind2=" " tag="260"><subfield code="a">Waynesboro, Pa. :</subfield><subfield code="b">Herald Print. Co.,</subfield><subfield code="c">1908-</subfield></datafield><datafield ind1=" " ind2=" " tag="300"><subfield code="a">v. :</subfield><subfield code="b">ill. (chiefly advertisements) ;</subfield><subfield code="c">59 cm.</subfield></datafield><datafield ind1=" " ind2=" " tag="310"><subfield code="a">Weekly</subfield></datafield><datafield ind1="0" ind2=" " tag="362"><subfield code="a">Dec. 31, 1908-</subfield></datafield><datafield ind1="1" ind2=" " tag="362"><subfield code="a">Ceased in 1918?</subfield></datafield><datafield ind1=" " ind2=" " tag="752"><subfield code="a">United States</subfield><subfield code="b">Pennsylvania</subfield><subfield code="c">Franklin</subfield><subfield code="d">Waynesboro.</subfield></datafield><datafield ind1="0" ind2=" " tag="775"><subfield code="t">Evening herald (Waynesboro, Pa.)</subfield><subfield code="w">(DLC)sn 89077492</subfield></datafield><datafield ind1="0" ind2="0" tag="780"><subfield code="t">Herald (Waynesboro, Pa. : 1901 : Weekly)</subfield><subfield code="w">(DLC)sn 89077487</subfield></datafield><datafield ind1="0" ind2="4" tag="785"><subfield code="t">Waynesboro record</subfield><subfield code="w">(DLC)sn 86081697</subfield></datafield></record>